
@book{magill2020,
	title = {Motor learning and control: concepts and applications},
	author = {Magill, Richard A. and Anderson, David},
	year = {2020},
	month = {02},
	date = {2020-02},
	publisher = {McGraw-Hill Education},
	url = {https://www.bkstr.com/csunorthridgestore/product/motor-learning-and-control--concepts-and-applications-147614-1},
	langid = {en}
}
