
@book{magill2021,
	title = {Motor learning and control: concepts and applications},
	author = {Magill, Richard A. and Anderson, David},
	year = {2020},
	month = {02},
	date = {2020-02},
	publisher = {McGraw-Hill Education},
	langid = {en}
}
