
@book{magill2017,
	title = {Motor learning and control: concepts and applications},
	author = {Magill, Richard and Anderson, David I},
	year = {2017},
	date = {2017},
	publisher = {McGraw-Hill Education},
	edition = {11th edition},
	note = {OCLC: 945730137},
	address = {New York, NY},
	langid = {eng}
}

@book{magill2017a,
	title = {Motor learning and control: concepts and applications},
	author = {Magill, Richard and Anderson, David I},
	year = {2017},
	date = {2017},
	publisher = {McGraw-Hill Education},
	edition = {11th edition},
	note = {OCLC: 945730137},
	address = {New York, NY},
	langid = {eng}
}

@article{denny2010,
	title = {Applying motor learning principles in coaching volleyball},
	author = {Denny, Vickie},
	year = {2010},
	date = {2010},
	journal = {Coaching Volleyball Magaziine},
	pages = {24--25},
	issue = {June/July}
}
