
@article{Driskell1992,
	title = {The effect of overlearning on retention},
	author = {Driskell, James E and Willis, Robert P and Copper, Carolyn},
	year = {1992},
	date = {1992},
	journal = {Journal of Applied Psychology},
	pages = {615},
	volume = {77},
	number = {5},
	note = {Citation Key: Driskell1992
Publisher: American Psychological Association}
}

@book{magill2020,
	title = {Motor learning and control: concepts and applications},
	author = {Magill, Richard A. and Anderson, David},
	year = {2020},
	month = {02},
	date = {2020-02},
	publisher = {McGraw-Hill Education},
	url = {https://www.bkstr.com/csunorthridgestore/product/motor-learning-and-control--concepts-and-applications-147614-1},
	langid = {en}
}

@article{atomi2019,
	title = {QCE PE: The 3 Stages of Learning},
	author = {Atomi, },
	year = {2019},
	month = {10},
	date = {2019-10-27},
	url = {https://www.youtube.com/watch?v=mgfIJFh6VKY}
}

@article{naylor1963a,
	title = {Effects of task complexity and task organization on the relative efficiency of part and whole training methods.},
	author = {Naylor, James C. and Briggs, George E.},
	year = {1963},
	month = {03},
	date = {1963-03},
	journal = {Journal of Experimental Psychology},
	pages = {217--224},
	volume = {65},
	number = {3},
	doi = {10.1037/h0041060},
	url = {http://dx.doi.org/10.1037/h0041060},
	langid = {en}
}
